@misc{btc_wiki,
  title = {Bitcoin wiki},
  howpublished = {\url{https://en.bitcoin.it/wiki}},
}